<record><leader>00000cas a2200000 a 4500</leader><controlfield tag="001">11633994</controlfield><controlfield tag="008">850129d18851892ksuwr ne      0   a0eng d</controlfield><datafield ind1=" " ind2=" " tag="010"><subfield code="a">sn 85030001 </subfield></datafield><datafield ind1=" " ind2=" " tag="040"><subfield code="a">KSH</subfield><subfield code="b">eng</subfield><subfield code="c">KSH</subfield><subfield code="d">NPT</subfield><subfield code="d">OCL</subfield><subfield code="d">OCLCQ</subfield></datafield><datafield ind1=" " ind2=" " tag="042"><subfield code="a">msc</subfield></datafield><datafield ind1="0" ind2=" " tag="130"><subfield code="a">Ivanhoe times (Ivanhoe, Kan.)</subfield></datafield><datafield ind1="1" ind2="4" tag="245"><subfield code="a">The Ivanhoe times.</subfield></datafield><datafield ind1="1" ind2="3" tag="246"><subfield code="a">Times</subfield><subfield code="f">Sept. 9-Nov. 18, 1892</subfield></datafield><datafield ind1=" " ind2=" " tag="260"><subfield code="a">Ivanhoe, Kan. :</subfield><subfield code="b">[s.n.],</subfield><subfield code="c">1885-1892.</subfield></datafield><datafield ind1=" " ind2=" " tag="300"><subfield code="a">7 v. :</subfield><subfield code="b">ill. ;</subfield><subfield code="c">50-59 cm.</subfield></datafield><datafield ind1=" " ind2=" " tag="310"><subfield code="a">Weekly</subfield></datafield><datafield ind1="0" ind2=" " tag="362"><subfield code="a">Vol. 1, no. 1 (Dec. 12, 1885)-v. 7, no. 47 (Nov. 18, 1892).</subfield></datafield><datafield ind1=" " ind2=" " tag="500"><subfield code="a">Publisher varies.</subfield></datafield><datafield ind1=" " ind2=" " tag="500"><subfield code="a">"Republican."</subfield></datafield><datafield ind1=" " ind2=" " tag="752"><subfield code="a">United States</subfield><subfield code="b">Kansas</subfield><subfield code="c">Haskell</subfield><subfield code="d">Ivanhoe.</subfield></datafield><datafield ind1="0" ind2="7" tag="785"><subfield code="t">Santa Fe monitor (Santa Fe, Kan. : 1888)</subfield><subfield code="w">(DLC)sn 85030004</subfield></datafield><datafield ind1="0" ind2="7" tag="785"><subfield code="t">Santa Fe monitor and Santa Fe times</subfield><subfield code="w">(DLC)sn 85030005</subfield></datafield></record>